@book{abp96,
  author    = "Przemyslaw Prusinkiewicz and Aristid Lindenmayer",
  title     = "The Algorithmic Beauty of Plants",
  publisher = "Springer-Verlag",
  year      = "1996",
  edition   = "2nd",
  url       = "http://algorithmicbotany.org/papers/#abop"
}

@inproceedings{Ong:2005:TGU:1068009.1068241,
 author = {Ong, Teong Joo and Saunders, Ryan and Keyser, John and Leggett, John J.},
 title = {Terrain Generation Using Genetic Algorithms},
 booktitle = {Proceedings of the 7th Annual Conference on Genetic and Evolutionary Computation},
 series = {GECCO '05},
 year = {2005},
 isbn = {1-59593-010-8},
 location = {Washington DC, USA},
 pages = {1463--1470},
 numpages = {8},
 url = {http://doi.acm.org/10.1145/1068009.1068241},
 doi = {10.1145/1068009.1068241},
 acmid = {1068241},
 publisher = {ACM},
 address = {New York, NY, USA},
 keywords = {genetic algorithms, geographic information systems (GIS), height field, image processing, terrain generation},
} 

@article {CGF:CGF1806,
author = {Hnaidi, Houssam and Guérin, Eric and Akkouche, Samir and Peytavie, Adrien and Galin, Eric},
title = {Feature based terrain generation using diffusion equation},
journal = {Computer Graphics Forum},
volume = {29},
number = {7},
publisher = {Blackwell Publishing Ltd},
issn = {1467-8659},
url = {http://dx.doi.org/10.1111/j.1467-8659.2010.01806.x},
doi = {10.1111/j.1467-8659.2010.01806.x},
pages = {2179--2186},
keywords = {Computer Graphics [I.3.7]: Three-Dimensional Graphics and Realism—},
keywords = {Terrain modeling, vector graphics, gradient and height field diffusion},
year = {2010},
}

@article{Musgrave:1989:SRE:74334.74337,
 author = {Musgrave, F. K. and Kolb, C. E. and Mace, R. S.},
 title = {The Synthesis and Rendering of Eroded Fractal Terrains},
 journal = {SIGGRAPH Comput. Graph.},
 issue_date = {July 1989},
 volume = {23},
 number = {3},
 month = jul,
 year = {1989},
 issn = {0097-8930},
 pages = {41--50},
 numpages = {10},
 url = {http://doi.acm.org/10.1145/74334.74337},
 doi = {10.1145/74334.74337},
 acmid = {74337},
 publisher = {ACM},
 address = {New York, NY, USA},
} 

@article{doi:10.1137/1010093,
author = {Mandelbrot, B. and Van Ness, J.},
title = {Fractional Brownian Motions, Fractional Noises and Applications},
journal = {SIAM Review},
volume = {10},
number = {4},
pages = {422-437},
year = {1968},
doi = {10.1137/1010093},

URL = {http://epubs.siam.org/doi/abs/10.1137/1010093},
eprint = {http://epubs.siam.org/doi/pdf/10.1137/1010093}
}

@article{Fournier:1982,
 author = {Fournier, Alain and Fussell, Don and Carpenter, Loren},
 title = {Computer Rendering of Stochastic Models},
 journal = {Commun. ACM},
 issue_date = {June 1982},
 volume = {25},
 number = {6},
 month = jun,
 year = {1982},
 issn = {0001-0782},
 pages = {371--384},
 numpages = {14},
 url = {http://doi.acm.org/10.1145/358523.358553},
 doi = {10.1145/358523.358553},
 acmid = {358553},
 publisher = {ACM},
 address = {New York, NY, USA},
 keywords = {fractals, stochastic models, terrain models},
} 

@article{hlt-rmyb,
 jstor_articletype = {research-article},
 title = {Hydraulic Limits to Tree Height and Tree Growth},
 author = {Ryan, Michael G. and Yoder, Barbara J.},
 journal = {BioScience},
 jstor_issuetitle = {},
 volume = {47},
 number = {4},
 jstor_formatteddate = {Apr., 1997},
 pages = {pp. 235-242},
 url = {http://www.jstor.org/stable/1313077},
 ISSN = {00063568},
 abstract = {},
 language = {English},
 year = {1997},
 publisher = {Oxford University Press on behalf of the American Institute of Biological Sciences},
 copyright = {Copyright © 1997 Oxford University Press and American Institute of Biological Sciences},
}

@article{yokoya89,
title = "Fractal-based analysis and interpolation of 3D natural surface shapes and their application to terrain modeling ",
journal = "Computer Vision, Graphics, and Image Processing ",
volume = "46",
number = "3",
pages = "284 - 302",
year = "1989",
note = "",
issn = "0734-189X",
doi = "http://dx.doi.org/10.1016/0734-189X(89)90034-0",
url = "http://www.sciencedirect.com/science/article/pii/0734189X89900340",
author = "Naokazu Yokoya and Kazuhiko Yamamoto and Noboru Funakubo"
}

@misc{kramii14,
author = {Mark Sandland \textless Kramii\textgreater},
title = {Re: Find all points within a certain distance of each other?},
howpublished = {http://programmers.stackexchange.com/a/129909},
month = {May},
year = {2014}

}

@misc{minecraft,
author = {Markus Persson and Notch Software AB},
howpublished = {https://www.minecraft.net/}

}

@misc{proteus,
author = {Ed Key and David Kanaga},
howpublished = {http://www.visitproteus.com/}
}

@article{martz97,
  author  = "Paul Martz $\langle$martz@frii.com$\rangle$",
  title   = "Generating Random Fractal Terrain",
  journal = "Game Programmer",
  year    = "1996, 1997",
  url     = "http://www.gameprogrammer.com/fractal.html"

}

@article{bloomenthal85,
 author = {Bloomenthal, Jules},
 title = {Modeling the Mighty Maple},
 journal = {SIGGRAPH Comput. Graph.},
 issue_date = {Jul. 1985},
 volume = {19},
 number = {3},
 month = jul,
 year = {1985},
 issn = {0097-8930},
 pages = {305--311},
 numpages = {7},
 url = {http://doi.acm.org/10.1145/325165.325249},
 doi = {10.1145/325165.325249},
 acmid = {325249},
 publisher = {ACM},
 address = {New York, NY, USA},
 keywords = {blobby surface, bump map, generalized cylinder, interpolation, modeling, ramiform, space curve, spline, texture map},
} 

@INPROCEEDINGS{arvo88,
    author = {James Arvo and David Kirk and Apollo Computer},
    title = {Modeling plants with environment-sensitive automata},
    booktitle = {In Proceedings of Ausgraph’88},
    year = {1988},
    pages = {27--33}
}

@article{dereffye88,
 author = {de Reffye, Phillippe and Edelin, Claude and Fran\c{c}on, Jean and Jaeger, Marc and Puech, Claude},
 title = {Plant Models Faithful to Botanical Structure and Development},
 journal = {SIGGRAPH Comput. Graph.},
 issue_date = {Aug. 1988},
 volume = {22},
 number = {4},
 month = jun,
 year = {1988},
 issn = {0097-8930},
 pages = {151--158},
 numpages = {8},
 url = {http://doi.acm.org/10.1145/378456.378505},
 doi = {10.1145/378456.378505},
 acmid = {378505},
 publisher = {ACM},
 address = {New York, NY, USA},
 keywords = {botany, database amplification, growth simulation, plant, tree},
} 
